@article{gui2017analysis,
  title={Analysis of imbalanced data set problem: The case of churn prediction for telecommunication.},
  author={Gui, Chun},
  journal={Artif. Intell. Research},
  volume={6},
  number={2},
  pages={93},
  year={2017}
}


@article{krawczyk2016learning,
  title={Learning from imbalanced data: open challenges and future directions},
  author={Krawczyk, Bartosz},
  journal={Progress in Artificial Intelligence},
  volume={5},
  number={4},
  pages={221--232},
  year={2016},
  publisher={Springer}
}


@article{more2016survey,
  title={Survey of resampling techniques for improving classification performance in unbalanced datasets},
  author={More, Ajinkya},
  journal={arXiv preprint arXiv:1608.06048},
  year={2016}
}


@article{gowda1979condensed,
  title={The condensed nearest neighbor rule using the concept of mutual nearest neighborhood (corresp.)},
  author={Gowda, K and Krishna, G},
  journal={IEEE Transactions on Information Theory},
  volume={25},
  number={4},
  pages={488--490},
  year={1979},
  publisher={IEEE}
}


@inproceedings{batista2000applying,
  title={Applying one-sided selection to unbalanced datasets},
  author={Batista, Gustavo EAPA and Carvalho, Andre CPLF and Monard, Maria Carolina},
  booktitle={Mexican International Conference on Artificial Intelligence},
  pages={315--325},
  year={2000},
  organization={Springer}
}


@article{chawla2002smote,
  title={SMOTE: synthetic minority over-sampling technique},
  author={Chawla, Nitesh V and Bowyer, Kevin W and Hall, Lawrence O and Kegelmeyer, W Philip},
  journal={Journal of artificial intelligence research},
  volume={16},
  pages={321--357},
  year={2002}
}

@inproceedings{he2008adasyn,
  title={ADASYN: Adaptive synthetic sampling approach for imbalanced learning},
  author={He, Haibo and Bai, Yang and Garcia, Edwardo A and Li, Shutao},
  booktitle={2008 IEEE international joint conference on neural networks (IEEE world congress on computational intelligence)},
  pages={1322--1328},
  year={2008},
  organization={IEEE}
}


@inproceedings{han2005borderline,
  title={Borderline-SMOTE: a new over-sampling method in imbalanced data sets learning},
  author={Han, Hui and Wang, Wen-Yuan and Mao, Bing-Huan},
  booktitle={International conference on intelligent computing},
  pages={878--887},
  year={2005},
  organization={Springer}
}


@inproceedings{Meidianingsih2017TheSO,
  title={The Study of Safe-Level SMOTE Method in Unbalanced Data Classification},
  author={Qorry Meidianingsih and B. Sartono},
  year={2017}
}

@article{tang2008svms,
  title={SVMs modeling for highly imbalanced classification},
  author={Tang, Yuchun and Zhang, Yan-Qing and Chawla, Nitesh V and Krasser, Sven},
  journal={IEEE Transactions on Systems, Man, and Cybernetics, Part B (Cybernetics)},
  volume={39},
  number={1},
  pages={281--288},
  year={2008},
  publisher={IEEE}
}

@article{zhu2019iric,
  title={IRIC: An R library for binary imbalanced classification},
  author={Zhu, Bing and Gao, Zihan and Zhao, Junkai and vanden Broucke, Seppe KLM},
  journal={SoftwareX},
  volume={10},
  pages={100341},
  year={2019},
  publisher={Elsevier}
}

 \bibliographystyle{unsrt}
\bibliography{bibliography.bib}